@Book{wilson1992diversity,
  author = 	 {Wilson, Edward O},
  ALTeditor = 	 {},
  title = 	 {The diversity of life},
  publisher = 	 {Cambridge, Mass.: Harvard University},
  year = 	 {1992},
  OPTkey = 	 {},
  OPTvolume = 	 {},
  OPTnumber = 	 {},
  OPTseries = 	 {},
  OPTaddress = 	 {},
  OPTedition = 	 {},
  OPTmonth = 	 {},
  OPTnote = 	 {},
  OPTannote = 	 {}
}

@article{hambler2004extinction,
  title={Extinction rates and butterflies},
  author={Hambler, Clive and Speight, Martin R},
  journal={Science},
  volume={305},
  number={5690},
  pages={1563--1565},
  year={2004},
  publisher={American Association for the Advancement of Science}
}

@article{yu2014biomass,
  title={Biomass accumulation and nutrient uptake of 16 riparian woody plant species in Northeast China},
  author={Yu, Shuai and Chen, Wei and He, Xingyuan and Liu, Zhouli and Huang, Yanqing},
  journal={Journal of forestry research},
  volume={25},
  number={4},
  pages={773--778},
  year={2014},
  publisher={Springer}
}
